<record><leader>00000cas a22000007a 4500</leader><controlfield tag="001">11435590</controlfield><controlfield tag="008">841129d1913191umtuwr ne      0    0eng d</controlfield><datafield ind1=" " ind2=" " tag="010"><subfield code="a">sn 84036267 </subfield></datafield><datafield ind1=" " ind2=" " tag="040"><subfield code="a">MTL</subfield><subfield code="b">eng</subfield><subfield code="c">MTL</subfield><subfield code="d">OCLCQ</subfield></datafield><datafield ind1=" " ind2=" " tag="042"><subfield code="a">msc</subfield></datafield><datafield ind1="0" ind2="4" tag="245"><subfield code="a">The Devon tribune.</subfield></datafield><datafield ind1=" " ind2=" " tag="260"><subfield code="a">Devon, Mont. :</subfield><subfield code="b">B.B. Weldy</subfield></datafield><datafield ind1=" " ind2=" " tag="300"><subfield code="a">v. :</subfield><subfield code="b">ill. ;</subfield><subfield code="c">54 cm.</subfield></datafield><datafield ind1=" " ind2=" " tag="310"><subfield code="a">Weekly</subfield></datafield><datafield ind1=" " ind2=" " tag="500"><subfield code="a">"Democratic." Cf. Minnesota, North and South Dakota, and Montana gazetteer and business directory, 1914-1915.</subfield></datafield><datafield ind1=" " ind2=" " tag="588"><subfield code="a">Description based on: Vol. 2, no. 26 (Mar. 28, 1913).</subfield></datafield><datafield ind1=" " ind2=" " tag="752"><subfield code="a">United States</subfield><subfield code="b">Montana</subfield><subfield code="c">Toole</subfield><subfield code="d">Devon.</subfield></datafield><datafield ind1="0" ind2="0" tag="780"><subfield code="t">Concord tribune (Concord, Mont.)</subfield><subfield code="w">(DLC)sn 85053059</subfield></datafield><datafield ind1="1" ind2=" " tag="029"><subfield code="a">AU@</subfield><subfield code="b">000025811933</subfield></datafield></record>